@manual{proj_desc,
	title		= {Conceptual Design of a Magnetic Anomaly Detection UAV with VTOL capabilities},
	titleaddon	= {Project 2},
	author		= {Afzal Suleman},
	date		= {2018},
	institution	= {Instituto Superior TÃ©cnico},
}

@thesis{mag_thesis,
	title		= {Magnetic Signature Characterization of a Fixed-Wing Vertical Take-off and Landing (VTOL) Unmanned Aircraft Vehicle (UAV)},
	author		= {Cody Robert Daniel Hansen},
}

@report{icao_uav,
	title		= {ICAO Cir 328, Unmanned Aircraft Systems (UAS)},
	institution	= {International Civil Aviation Organization},
	date		= {2011},
	isbn		= {978-92-9231-751-5},
	url			= {https://www.icao.int/Meetings/UAS/Documents/Circular%20328_en.pdf},
	urldate		= {2018-10-06},
	type		= {Circular},
}

@online{hquad,
	title			= {Hybrid Quadrotor Product Page},
	organization	= {L3 Latitude},
	url				= {https://latitudeengineering.com/products/hq/},
	urldate			= {2018-10-16},
}

@online{reach,
	title			= {ALTI Products Page},
	organization	= {ALTI},
	url				= {https://www.altiuas.com/reach/},
	urldate			= {2018-10-16},
}


@online{luna,
	title			= {Luna Air Vehicle Product Page},
	organization	= {EMT},
	url				= {https://www.emt-penzberg.de/en/produkte/drohnensystem/luna.html},
	urldate			= {2018-10-16},
}

@online{kari,
	title			= {Kari TR-60},
	url				= {https://www.militaryfactory.com/aircraft/detail.asp?aircraft_id=1856#specs},
	publisher       = {Military Factory},
	urldate			= {2018-10-16},
}

@online{pd1,
	title			= {PD1 Product Page},
	organization	= {Height Technologies},
	url				= {https://heighttech.nl/pd1/},
	urldate			= {2018-10-16},
}

@book{corke,
	title			= {Design of Aircraft},
	author			= {Thomas C. Corke},
	date			= {2002},
	isbn			= {0-13-089234-3},
	institution		= {University of Notre Dame},
	publisher		= {Pearson Education, Inc.},
	edition			= {1},
}

@inproceedings{ng2018development,
	title		= {Development of Propulsion System Models for Electric-VTOL Aircraft},
	author		= {Ng, Wanyi and Datta, Anubhav},
	booktitle	= {2018 AIAA Aerospace Sciences Meeting},
	pages		= {1750},
	year		= {2018},
}

@book{johnson2013rotorcraft,
	title		= {Rotorcraft Aeromechanics},
	author		= {Johnson, Wayne},
	volume		= {36},
	year		= {2013},
	publisher	= {Cambridge University Press}
}

@book{torenbeek2013advanced,
	title		= {Advanced Aircraft Design: Conceptual Design, Analysis and Optimization of Subsonic Civil Airplanes},
	author		= {Torenbeek, Egbert},
	year		= {2013},
	publisher	= {John Wiley \& Sons}
}

@article{vleitwerke,
	title			= {V-Tails for Aeromodels},
	subtitle		= {Yet Another Attempt to Explain Them},
	author			= {Helmut Stettmaier},
	organization	= {FMSG-Alling e.V.},
	date			= {2001-11-12},
	url				= {http://www.fmsg-alling.de/wp-content/uploads/2013/09/V-Leitwerke.pdf},
	urldate			= {2018-11-25},
	%origlangugage	= {German},
	%origtitle		= {V-Leitwerke},
}

@online{olivedrab-rq7,
    title       = {RQ-7 Shadow UAV},
    url         = {https://olive-drab.com/idphoto/id_photos_uav_rq7.php},
    urldate     = {2019-01-04},
    publisher   = {Olive-Drab.com},
}

@online{naca0012,
    title           = {NACA 0012 AIRFOILS (n0012-il)},
    organization    = {UIUC Airfoil Coordinates Database},
    publisher       = {Airfoil Tools},
    url             = {http://airfoiltools.com/airfoil/details?airfoil=n0012-il},
    urldate         = {2019-01-04},
}

@online{e210,
    title           = {E210 (13.64\%) - Eppler E210 low Reynolds number airfoil},
    organization    = {UIUC Airfoil Coordinates Database},
    publisher       = {Airfoil Tools},
    url             = {http://airfoiltools.com/airfoil/details?airfoil=e210-il},
    urldate         = {2019-01-04},
}

@online{rcgf,
    title           = {RCGF 32cc Product Description},
    organization    = {RCGF Hobby Shop},
    url             = {https://www.rcgfusa.com/product/rcgf-32cc},
    urldate         = {2019-01-05},
}

@online{fueltank,
    title           = {ADR 4.8},
    subtitle        = {4.8 LITERS KEVLAR FUEL TANK (NO HARDWARE) 150 x 130 MM LONG 360 MM},
    organization    = {Aviation Design},
    url             = {https://www.aviation-design.fr/?4-8-liters-kevlar-fuel-tank--no-hardware--150-x-130-mm-long-1},
    urldate         = {2019-01-11},
}

@online{cpicalc,
    title           = {CPI Inflation Calculator},
    organization    = {United States Department of Labor Bureau of Labor Statistics},
    url             = {https://www.bls.gov/data/inflation_calculator.htm},
    urldate         = {2019-01-05},
}
